%YAML 1.1
%TAG !u! tag:unity3d.com,2011:
--- !u!29 &1
OcclusionCullingSettings:
  m_ObjectHideFlags: 0
  serializedVersion: 2
  m_OcclusionBakeSettings:
    smallestOccluder: 5
    smallestHole: 0.25
    backfaceThreshold: 100
  m_SceneGUID: 00000000000000000000000000000000
  m_OcclusionCullingData: {fileID: 0}
--- !u!104 &2
RenderSettings:
  m_ObjectHideFlags: 0
  serializedVersion: 9
  m_Fog: 0
  m_FogColor: {r: 0.5, g: 0.5, b: 0.5, a: 1}
  m_FogMode: 3
  m_FogDensity: 0.01
  m_LinearFogStart: 0
  m_LinearFogEnd: 300
  m_AmbientSkyColor: {r: 0.212, g: 0.227, b: 0.259, a: 1}
  m_AmbientEquatorColor: {r: 0.114, g: 0.125, b: 0.133, a: 1}
  m_AmbientGroundColor: {r: 0.047, g: 0.043, b: 0.035, a: 1}
  m_AmbientIntensity: 1
  m_AmbientMode: 3
  m_SubtractiveShadowColor: {r: 0.42, g: 0.478, b: 0.627, a: 1}
  m_SkyboxMaterial: {fileID: 0}
  m_HaloStrength: 0.5
  m_FlareStrength: 1
  m_FlareFadeSpeed: 3
  m_HaloTexture: {fileID: 0}
  m_SpotCookie: {fileID: 10001, guid: 0000000000000000e000000000000000, type: 0}
  m_DefaultReflectionMode: 0
  m_DefaultReflectionResolution: 128
  m_ReflectionBounces: 1
  m_ReflectionIntensity: 1
  m_CustomReflection: {fileID: 0}
  m_Sun: {fileID: 0}
  m_IndirectSpecularColor: {r: 0, g: 0, b: 0, a: 1}
  m_UseRadianceAmbientProbe: 0
--- !u!157 &3
LightmapSettings:
  m_ObjectHideFlags: 0
  serializedVersion: 12
  m_GIWorkflowMode: 1
  m_GISettings:
    serializedVersion: 2
    m_BounceScale: 1
    m_IndirectOutputScale: 1
    m_AlbedoBoost: 1
    m_EnvironmentLightingMode: 0
    m_EnableBakedLightmaps: 0
    m_EnableRealtimeLightmaps: 0
  m_LightmapEditorSettings:
    serializedVersion: 12
    m_Resolution: 2
    m_BakeResolution: 40
    m_AtlasSize: 1024
    m_AO: 0
    m_AOMaxDistance: 1
    m_CompAOExponent: 1
    m_CompAOExponentDirect: 0
    m_ExtractAmbientOcclusion: 0
    m_Padding: 2
    m_LightmapParameters: {fileID: 0}
    m_LightmapsBakeMode: 1
    m_TextureCompression: 1
    m_FinalGather: 0
    m_FinalGatherFiltering: 1
    m_FinalGatherRayCount: 256
    m_ReflectionCompression: 2
    m_MixedBakeMode: 2
    m_BakeBackend: 0
    m_PVRSampling: 1
    m_PVRDirectSampleCount: 32
    m_PVRSampleCount: 500
    m_PVRBounces: 2
    m_PVREnvironmentSampleCount: 500
    m_PVREnvironmentReferencePointCount: 2048
    m_PVRFilteringMode: 2
    m_PVRDenoiserTypeDirect: 0
    m_PVRDenoiserTypeIndirect: 0
    m_PVRDenoiserTypeAO: 0
    m_PVRFilterTypeDirect: 0
    m_PVRFilterTypeIndirect: 0
    m_PVRFilterTypeAO: 0
    m_PVREnvironmentMIS: 0
    m_PVRCulling: 1
    m_PVRFilteringGaussRadiusDirect: 1
    m_PVRFilteringGaussRadiusIndirect: 5
    m_PVRFilteringGaussRadiusAO: 2
    m_PVRFilteringAtrousPositionSigmaDirect: 0.5
    m_PVRFilteringAtrousPositionSigmaIndirect: 2
    m_PVRFilteringAtrousPositionSigmaAO: 1
    m_ExportTrainingData: 0
    m_TrainingDataDestination: TrainingData
    m_LightProbeSampleCountMultiplier: 4
  m_LightingDataAsset: {fileID: 0}
  m_LightingSettings: {fileID: 0}
--- !u!196 &4
NavMeshSettings:
  serializedVersion: 2
  m_ObjectHideFlags: 0
  m_BuildSettings:
    serializedVersion: 2
    agentTypeID: 0
    agentRadius: 0.5
    agentHeight: 2
    agentSlope: 45
    agentClimb: 0.4
    ledgeDropHeight: 0
    maxJumpAcrossDistance: 0
    minRegionArea: 2
    manualCellSize: 0
    cellSize: 0.16666667
    manualTileSize: 0
    tileSize: 256
    accuratePlacement: 0
    maxJobWorkers: 0
    preserveTilesOutsideBounds: 0
    debug:
      m_Flags: 0
  m_NavMeshData: {fileID: 0}
--- !u!1 &148825871
GameObject:
  m_ObjectHideFlags: 0
  m_CorrespondingSourceObject: {fileID: 0}
  m_PrefabInstance: {fileID: 0}
  m_PrefabAsset: {fileID: 0}
  serializedVersion: 6
  m_Component:
  - component: {fileID: 148825872}
  m_Layer: 0
  m_Name: Stars
  m_TagString: Untagged
  m_Icon: {fileID: 0}
  m_NavMeshLayer: 0
  m_StaticEditorFlags: 0
  m_IsActive: 1
--- !u!4 &148825872
Transform:
  m_ObjectHideFlags: 0
  m_CorrespondingSourceObject: {fileID: 0}
  m_PrefabInstance: {fileID: 0}
  m_PrefabAsset: {fileID: 0}
  m_GameObject: {fileID: 148825871}
  m_LocalRotation: {x: 0, y: 0, z: 0, w: 1}
  m_LocalPosition: {x: 0.35849127, y: 1.6256753, z: -0.082680956}
  m_LocalScale: {x: 1, y: 1, z: 1}
  m_ConstrainProportionsScale: 0
  m_Children:
  - {fileID: 397866165}
  - {fileID: 1456909486}
  - {fileID: 2051611139}
  - {fileID: 781473418}
  m_Father: {fileID: 0}
  m_RootOrder: 7
  m_LocalEulerAnglesHint: {x: 0, y: 0, z: 0}
--- !u!4 &397866165 stripped
Transform:
  m_CorrespondingSourceObject: {fileID: 933712443707191390, guid: 60db3b7fb67af0a4a98cd72d415f59a8, type: 3}
  m_PrefabInstance: {fileID: 933712444751318865}
  m_PrefabAsset: {fileID: 0}
--- !u!114 &407664796 stripped
MonoBehaviour:
  m_CorrespondingSourceObject: {fileID: 2358171433770610289, guid: 4fd83494fb935b9468cd1b7b89f845f2, type: 3}
  m_PrefabInstance: {fileID: 2358171434168260333}
  m_PrefabAsset: {fileID: 0}
  m_GameObject: {fileID: 0}
  m_Enabled: 1
  m_EditorHideFlags: 0
  m_Script: {fileID: 11500000, guid: dc99efe765fd4dc4ba6ca2bafb307dd4, type: 3}
  m_Name: 
  m_EditorClassIdentifier: 
--- !u!1 &519420028
GameObject:
  m_ObjectHideFlags: 0
  m_CorrespondingSourceObject: {fileID: 0}
  m_PrefabInstance: {fileID: 0}
  m_PrefabAsset: {fileID: 0}
  serializedVersion: 6
  m_Component:
  - component: {fileID: 519420032}
  - component: {fileID: 519420031}
  - component: {fileID: 519420029}
  m_Layer: 0
  m_Name: Main Camera
  m_TagString: MainCamera
  m_Icon: {fileID: 0}
  m_NavMeshLayer: 0
  m_StaticEditorFlags: 0
  m_IsActive: 1
--- !u!81 &519420029
AudioListener:
  m_ObjectHideFlags: 0
  m_CorrespondingSourceObject: {fileID: 0}
  m_PrefabInstance: {fileID: 0}
  m_PrefabAsset: {fileID: 0}
  m_GameObject: {fileID: 519420028}
  m_Enabled: 1
--- !u!20 &519420031
Camera:
  m_ObjectHideFlags: 0
  m_CorrespondingSourceObject: {fileID: 0}
  m_PrefabInstance: {fileID: 0}
  m_PrefabAsset: {fileID: 0}
  m_GameObject: {fileID: 519420028}
  m_Enabled: 1
  serializedVersion: 2
  m_ClearFlags: 2
  m_BackGroundColor: {r: 0.08877715, g: 0.098829165, b: 0.1792453, a: 0}
  m_projectionMatrixMode: 1
  m_GateFitMode: 2
  m_FOVAxisMode: 0
  m_SensorSize: {x: 36, y: 24}
  m_LensShift: {x: 0, y: 0}
  m_FocalLength: 50
  m_NormalizedViewPortRect:
    serializedVersion: 2
    x: 0
    y: 0
    width: 1
    height: 1
  near clip plane: 0.3
  far clip plane: 1000
  field of view: 60
  orthographic: 1
  orthographic size: 10
  m_Depth: -1
  m_CullingMask:
    serializedVersion: 2
    m_Bits: 4294967295
  m_RenderingPath: -1
  m_TargetTexture: {fileID: 0}
  m_TargetDisplay: 0
  m_TargetEye: 0
  m_HDR: 1
  m_AllowMSAA: 0
  m_AllowDynamicResolution: 0
  m_ForceIntoRT: 0
  m_OcclusionCulling: 0
  m_StereoConvergence: 10
  m_StereoSeparation: 0.022
--- !u!4 &519420032
Transform:
  m_ObjectHideFlags: 0
  m_CorrespondingSourceObject: {fileID: 0}
  m_PrefabInstance: {fileID: 0}
  m_PrefabAsset: {fileID: 0}
  m_GameObject: {fileID: 519420028}
  m_LocalRotation: {x: 0, y: 0, z: 0, w: 1}
  m_LocalPosition: {x: -1.73, y: 0, z: -10}
  m_LocalScale: {x: 1, y: 1, z: 1}
  m_ConstrainProportionsScale: 0
  m_Children: []
  m_Father: {fileID: 0}
  m_RootOrder: 1
  m_LocalEulerAnglesHint: {x: 0, y: 0, z: 0}
--- !u!1 &550575828
GameObject:
  m_ObjectHideFlags: 0
  m_CorrespondingSourceObject: {fileID: 0}
  m_PrefabInstance: {fileID: 0}
  m_PrefabAsset: {fileID: 0}
  serializedVersion: 6
  m_Component:
  - component: {fileID: 550575830}
  - component: {fileID: 550575829}
  m_Layer: 0
  m_Name: Level Manager
  m_TagString: Untagged
  m_Icon: {fileID: 0}
  m_NavMeshLayer: 0
  m_StaticEditorFlags: 0
  m_IsActive: 1
--- !u!114 &550575829
MonoBehaviour:
  m_ObjectHideFlags: 0
  m_CorrespondingSourceObject: {fileID: 0}
  m_PrefabInstance: {fileID: 0}
  m_PrefabAsset: {fileID: 0}
  m_GameObject: {fileID: 550575828}
  m_Enabled: 1
  m_EditorHideFlags: 0
  m_Script: {fileID: 11500000, guid: 8e1f5e1aaff827c48b0d5963b6a4fa53, type: 3}
  m_Name: 
  m_EditorClassIdentifier: 
--- !u!4 &550575830
Transform:
  m_ObjectHideFlags: 0
  m_CorrespondingSourceObject: {fileID: 0}
  m_PrefabInstance: {fileID: 0}
  m_PrefabAsset: {fileID: 0}
  m_GameObject: {fileID: 550575828}
  m_LocalRotation: {x: 0, y: 0, z: 0, w: 1}
  m_LocalPosition: {x: 1.9868957, y: -0.41197255, z: -0.1421095}
  m_LocalScale: {x: 1, y: 1, z: 1}
  m_ConstrainProportionsScale: 0
  m_Children: []
  m_Father: {fileID: 0}
  m_RootOrder: 8
  m_LocalEulerAnglesHint: {x: 0, y: 0, z: 0}
--- !u!1 &582839664
GameObject:
  m_ObjectHideFlags: 0
  m_CorrespondingSourceObject: {fileID: 0}
  m_PrefabInstance: {fileID: 0}
  m_PrefabAsset: {fileID: 0}
  serializedVersion: 6
  m_Component:
  - component: {fileID: 582839667}
  - component: {fileID: 582839666}
  - component: {fileID: 582839665}
  m_Layer: 0
  m_Name: EventSystem
  m_TagString: Untagged
  m_Icon: {fileID: 0}
  m_NavMeshLayer: 0
  m_StaticEditorFlags: 0
  m_IsActive: 1
--- !u!114 &582839665
MonoBehaviour:
  m_ObjectHideFlags: 0
  m_CorrespondingSourceObject: {fileID: 0}
  m_PrefabInstance: {fileID: 0}
  m_PrefabAsset: {fileID: 0}
  m_GameObject: {fileID: 582839664}
  m_Enabled: 1
  m_EditorHideFlags: 0
  m_Script: {fileID: 11500000, guid: 4f231c4fb786f3946a6b90b886c48677, type: 3}
  m_Name: 
  m_EditorClassIdentifier: 
  m_HorizontalAxis: Horizontal
  m_VerticalAxis: Vertical
  m_SubmitButton: Submit
  m_CancelButton: Cancel
  m_InputActionsPerSecond: 10
  m_RepeatDelay: 0.5
  m_ForceModuleActive: 0
--- !u!114 &582839666
MonoBehaviour:
  m_ObjectHideFlags: 0
  m_CorrespondingSourceObject: {fileID: 0}
  m_PrefabInstance: {fileID: 0}
  m_PrefabAsset: {fileID: 0}
  m_GameObject: {fileID: 582839664}
  m_Enabled: 1
  m_EditorHideFlags: 0
  m_Script: {fileID: 11500000, guid: 76c392e42b5098c458856cdf6ecaaaa1, type: 3}
  m_Name: 
  m_EditorClassIdentifier: 
  m_FirstSelected: {fileID: 0}
  m_sendNavigationEvents: 1
  m_DragThreshold: 10
--- !u!4 &582839667
Transform:
  m_ObjectHideFlags: 0
  m_CorrespondingSourceObject: {fileID: 0}
  m_PrefabInstance: {fileID: 0}
  m_PrefabAsset: {fileID: 0}
  m_GameObject: {fileID: 582839664}
  m_LocalRotation: {x: 0, y: 0, z: 0, w: 1}
  m_LocalPosition: {x: 0, y: 0, z: 0}
  m_LocalScale: {x: 1, y: 1, z: 1}
  m_ConstrainProportionsScale: 0
  m_Children: []
  m_Father: {fileID: 0}
  m_RootOrder: 5
  m_LocalEulerAnglesHint: {x: 0, y: 0, z: 0}
--- !u!1001 &725097823
PrefabInstance:
  m_ObjectHideFlags: 0
  serializedVersion: 2
  m_Modification:
    m_TransformParent: {fileID: 0}
    m_Modifications:
    - target: {fileID: 3165972190507947456, guid: 6dd609307a61d94488fcd87d92da9fce, type: 3}
      propertyPath: m_Name
      value: SFX Player
      objectReference: {fileID: 0}
    - target: {fileID: 3165972190507947461, guid: 6dd609307a61d94488fcd87d92da9fce, type: 3}
      propertyPath: m_RootOrder
      value: 9
      objectReference: {fileID: 0}
    - target: {fileID: 3165972190507947461, guid: 6dd609307a61d94488fcd87d92da9fce, type: 3}
      propertyPath: m_LocalPosition.x
      value: 0
      objectReference: {fileID: 0}
    - target: {fileID: 3165972190507947461, guid: 6dd609307a61d94488fcd87d92da9fce, type: 3}
      propertyPath: m_LocalPosition.y
      value: 0
      objectReference: {fileID: 0}
    - target: {fileID: 3165972190507947461, guid: 6dd609307a61d94488fcd87d92da9fce, type: 3}
      propertyPath: m_LocalPosition.z
      value: 0
      objectReference: {fileID: 0}
    - target: {fileID: 3165972190507947461, guid: 6dd609307a61d94488fcd87d92da9fce, type: 3}
      propertyPath: m_LocalRotation.w
      value: 1
      objectReference: {fileID: 0}
    - target: {fileID: 3165972190507947461, guid: 6dd609307a61d94488fcd87d92da9fce, type: 3}
      propertyPath: m_LocalRotation.x
      value: 0
      objectReference: {fileID: 0}
    - target: {fileID: 3165972190507947461, guid: 6dd609307a61d94488fcd87d92da9fce, type: 3}
      propertyPath: m_LocalRotation.y
      value: 0
      objectReference: {fileID: 0}
    - target: {fileID: 3165972190507947461, guid: 6dd609307a61d94488fcd87d92da9fce, type: 3}
      propertyPath: m_LocalRotation.z
      value: 0
      objectReference: {fileID: 0}
    - target: {fileID: 3165972190507947461, guid: 6dd609307a61d94488fcd87d92da9fce, type: 3}
      propertyPath: m_LocalEulerAnglesHint.x
      value: 0
      objectReference: {fileID: 0}
    - target: {fileID: 3165972190507947461, guid: 6dd609307a61d94488fcd87d92da9fce, type: 3}
      propertyPath: m_LocalEulerAnglesHint.y
      value: 0
      objectReference: {fileID: 0}
    - target: {fileID: 3165972190507947461, guid: 6dd609307a61d94488fcd87d92da9fce, type: 3}
      propertyPath: m_LocalEulerAnglesHint.z
      value: 0
      objectReference: {fileID: 0}
    m_RemovedComponents: []
  m_SourcePrefab: {fileID: 100100000, guid: 6dd609307a61d94488fcd87d92da9fce, type: 3}
--- !u!114 &725097824 stripped
MonoBehaviour:
  m_CorrespondingSourceObject: {fileID: 3165972190507947459, guid: 6dd609307a61d94488fcd87d92da9fce, type: 3}
  m_PrefabInstance: {fileID: 725097823}
  m_PrefabAsset: {fileID: 0}
  m_GameObject: {fileID: 0}
  m_Enabled: 1
  m_EditorHideFlags: 0
  m_Script: {fileID: 11500000, guid: f72f7a4422e022846ad039a10969203a, type: 3}
  m_Name: 
  m_EditorClassIdentifier: 
--- !u!1001 &763944094
PrefabInstance:
  m_ObjectHideFlags: 0
  serializedVersion: 2
  m_Modification:
    m_TransformParent: {fileID: 148825872}
    m_Modifications:
    - target: {fileID: 933712443707191386, guid: 60db3b7fb67af0a4a98cd72d415f59a8, type: 3}
      propertyPath: m_Name
      value: Star (3)
      objectReference: {fileID: 0}
    - target: {fileID: 933712443707191390, guid: 60db3b7fb67af0a4a98cd72d415f59a8, type: 3}
      propertyPath: m_RootOrder
      value: 3
      objectReference: {fileID: 0}
    - target: {fileID: 933712443707191390, guid: 60db3b7fb67af0a4a98cd72d415f59a8, type: 3}
      propertyPath: m_LocalPosition.x
      value: -0.57
      objectReference: {fileID: 0}
    - target: {fileID: 933712443707191390, guid: 60db3b7fb67af0a4a98cd72d415f59a8, type: 3}
      propertyPath: m_LocalPosition.y
      value: -0.35
      objectReference: {fileID: 0}
    - target: {fileID: 933712443707191390, guid: 60db3b7fb67af0a4a98cd72d415f59a8, type: 3}
      propertyPath: m_LocalPosition.z
      value: 0.082680956
      objectReference: {fileID: 0}
    - target: {fileID: 933712443707191390, guid: 60db3b7fb67af0a4a98cd72d415f59a8, type: 3}
      propertyPath: m_LocalRotation.w
      value: 1
      objectReference: {fileID: 0}
    - target: {fileID: 933712443707191390, guid: 60db3b7fb67af0a4a98cd72d415f59a8, type: 3}
      propertyPath: m_LocalRotation.x
      value: -0
      objectReference: {fileID: 0}
    - target: {fileID: 933712443707191390, guid: 60db3b7fb67af0a4a98cd72d415f59a8, type: 3}
      propertyPath: m_LocalRotation.y
      value: -0
      objectReference: {fileID: 0}
    - target: {fileID: 933712443707191390, guid: 60db3b7fb67af0a4a98cd72d415f59a8, type: 3}
      propertyPath: m_LocalRotation.z
      value: -0
      objectReference: {fileID: 0}
    - target: {fileID: 933712443707191390, guid: 60db3b7fb67af0a4a98cd72d415f59a8, type: 3}
      propertyPath: m_LocalEulerAnglesHint.x
      value: 0
      objectReference: {fileID: 0}
    - target: {fileID: 933712443707191390, guid: 60db3b7fb67af0a4a98cd72d415f59a8, type: 3}
      propertyPath: m_LocalEulerAnglesHint.y
      value: 0
      objectReference: {fileID: 0}
    - target: {fileID: 933712443707191390, guid: 60db3b7fb67af0a4a98cd72d415f59a8, type: 3}
      propertyPath: m_LocalEulerAnglesHint.z
      value: 0
      objectReference: {fileID: 0}
    - target: {fileID: 3538357227933473302, guid: 60db3b7fb67af0a4a98cd72d415f59a8, type: 3}
      propertyPath: index
      value: 3
      objectReference: {fileID: 0}
    - target: {fileID: 3538357227933473302, guid: 60db3b7fb67af0a4a98cd72d415f59a8, type: 3}
      propertyPath: goodConnections.Array.size
      value: 2
      objectReference: {fileID: 0}
    - target: {fileID: 3538357227933473302, guid: 60db3b7fb67af0a4a98cd72d415f59a8, type: 3}
      propertyPath: goodConnections.Array.data[0]
      value: 0
      objectReference: {fileID: 0}
    - target: {fileID: 3538357227933473302, guid: 60db3b7fb67af0a4a98cd72d415f59a8, type: 3}
      propertyPath: goodConnections.Array.data[1]
      value: 2
      objectReference: {fileID: 0}
    m_RemovedComponents: []
  m_SourcePrefab: {fileID: 100100000, guid: 60db3b7fb67af0a4a98cd72d415f59a8, type: 3}
--- !u!4 &781473418 stripped
Transform:
  m_CorrespondingSourceObject: {fileID: 933712443707191390, guid: 60db3b7fb67af0a4a98cd72d415f59a8, type: 3}
  m_PrefabInstance: {fileID: 763944094}
  m_PrefabAsset: {fileID: 0}
--- !u!1001 &788399493
PrefabInstance:
  m_ObjectHideFlags: 0
  serializedVersion: 2
  m_Modification:
    m_TransformParent: {fileID: 148825872}
    m_Modifications:
    - target: {fileID: 933712443707191386, guid: 60db3b7fb67af0a4a98cd72d415f59a8, type: 3}
      propertyPath: m_Name
      value: Star (1)
      objectReference: {fileID: 0}
    - target: {fileID: 933712443707191390, guid: 60db3b7fb67af0a4a98cd72d415f59a8, type: 3}
      propertyPath: m_RootOrder
      value: 1
      objectReference: {fileID: 0}
    - target: {fileID: 933712443707191390, guid: 60db3b7fb67af0a4a98cd72d415f59a8, type: 3}
      propertyPath: m_LocalPosition.x
      value: 10.35
      objectReference: {fileID: 0}
    - target: {fileID: 933712443707191390, guid: 60db3b7fb67af0a4a98cd72d415f59a8, type: 3}
      propertyPath: m_LocalPosition.y
      value: -9.12
      objectReference: {fileID: 0}
    - target: {fileID: 933712443707191390, guid: 60db3b7fb67af0a4a98cd72d415f59a8, type: 3}
      propertyPath: m_LocalPosition.z
      value: 0.082680956
      objectReference: {fileID: 0}
    - target: {fileID: 933712443707191390, guid: 60db3b7fb67af0a4a98cd72d415f59a8, type: 3}
      propertyPath: m_LocalRotation.w
      value: 1
      objectReference: {fileID: 0}
    - target: {fileID: 933712443707191390, guid: 60db3b7fb67af0a4a98cd72d415f59a8, type: 3}
      propertyPath: m_LocalRotation.x
      value: -0
      objectReference: {fileID: 0}
    - target: {fileID: 933712443707191390, guid: 60db3b7fb67af0a4a98cd72d415f59a8, type: 3}
      propertyPath: m_LocalRotation.y
      value: -0
      objectReference: {fileID: 0}
    - target: {fileID: 933712443707191390, guid: 60db3b7fb67af0a4a98cd72d415f59a8, type: 3}
      propertyPath: m_LocalRotation.z
      value: -0
      objectReference: {fileID: 0}
    - target: {fileID: 933712443707191390, guid: 60db3b7fb67af0a4a98cd72d415f59a8, type: 3}
      propertyPath: m_LocalEulerAnglesHint.x
      value: 0
      objectReference: {fileID: 0}
    - target: {fileID: 933712443707191390, guid: 60db3b7fb67af0a4a98cd72d415f59a8, type: 3}
      propertyPath: m_LocalEulerAnglesHint.y
      value: 0
      objectReference: {fileID: 0}
    - target: {fileID: 933712443707191390, guid: 60db3b7fb67af0a4a98cd72d415f59a8, type: 3}
      propertyPath: m_LocalEulerAnglesHint.z
      value: 0
      objectReference: {fileID: 0}
    - target: {fileID: 3538357227933473302, guid: 60db3b7fb67af0a4a98cd72d415f59a8, type: 3}
      propertyPath: index
      value: 1
      objectReference: {fileID: 0}
    - target: {fileID: 3538357227933473302, guid: 60db3b7fb67af0a4a98cd72d415f59a8, type: 3}
      propertyPath: goodConnections.Array.size
      value: 1
      objectReference: {fileID: 0}
    - target: {fileID: 3538357227933473302, guid: 60db3b7fb67af0a4a98cd72d415f59a8, type: 3}
      propertyPath: goodConnections.Array.data[0]
      value: 0
      objectReference: {fileID: 0}
    m_RemovedComponents: []
  m_SourcePrefab: {fileID: 100100000, guid: 60db3b7fb67af0a4a98cd72d415f59a8, type: 3}
--- !u!1001 &1286001578
PrefabInstance:
  m_ObjectHideFlags: 0
  serializedVersion: 2
  m_Modification:
    m_TransformParent: {fileID: 148825872}
    m_Modifications:
    - target: {fileID: 933712443707191386, guid: 60db3b7fb67af0a4a98cd72d415f59a8, type: 3}
      propertyPath: m_Name
      value: Star (2)
      objectReference: {fileID: 0}
    - target: {fileID: 933712443707191390, guid: 60db3b7fb67af0a4a98cd72d415f59a8, type: 3}
      propertyPath: m_RootOrder
      value: 2
      objectReference: {fileID: 0}
    - target: {fileID: 933712443707191390, guid: 60db3b7fb67af0a4a98cd72d415f59a8, type: 3}
      propertyPath: m_LocalPosition.x
      value: -14.47
      objectReference: {fileID: 0}
    - target: {fileID: 933712443707191390, guid: 60db3b7fb67af0a4a98cd72d415f59a8, type: 3}
      propertyPath: m_LocalPosition.y
      value: 4.7
      objectReference: {fileID: 0}
    - target: {fileID: 933712443707191390, guid: 60db3b7fb67af0a4a98cd72d415f59a8, type: 3}
      propertyPath: m_LocalPosition.z
      value: 0.082680956
      objectReference: {fileID: 0}
    - target: {fileID: 933712443707191390, guid: 60db3b7fb67af0a4a98cd72d415f59a8, type: 3}
      propertyPath: m_LocalRotation.w
      value: 1
      objectReference: {fileID: 0}
    - target: {fileID: 933712443707191390, guid: 60db3b7fb67af0a4a98cd72d415f59a8, type: 3}
      propertyPath: m_LocalRotation.x
      value: -0
      objectReference: {fileID: 0}
    - target: {fileID: 933712443707191390, guid: 60db3b7fb67af0a4a98cd72d415f59a8, type: 3}
      propertyPath: m_LocalRotation.y
      value: -0
      objectReference: {fileID: 0}
    - target: {fileID: 933712443707191390, guid: 60db3b7fb67af0a4a98cd72d415f59a8, type: 3}
      propertyPath: m_LocalRotation.z
      value: -0
      objectReference: {fileID: 0}
    - target: {fileID: 933712443707191390, guid: 60db3b7fb67af0a4a98cd72d415f59a8, type: 3}
      propertyPath: m_LocalEulerAnglesHint.x
      value: 0
      objectReference: {fileID: 0}
    - target: {fileID: 933712443707191390, guid: 60db3b7fb67af0a4a98cd72d415f59a8, type: 3}
      propertyPath: m_LocalEulerAnglesHint.y
      value: 0
      objectReference: {fileID: 0}
    - target: {fileID: 933712443707191390, guid: 60db3b7fb67af0a4a98cd72d415f59a8, type: 3}
      propertyPath: m_LocalEulerAnglesHint.z
      value: 0
      objectReference: {fileID: 0}
    - target: {fileID: 3538357227933473302, guid: 60db3b7fb67af0a4a98cd72d415f59a8, type: 3}
      propertyPath: index
      value: 2
      objectReference: {fileID: 0}
    - target: {fileID: 3538357227933473302, guid: 60db3b7fb67af0a4a98cd72d415f59a8, type: 3}
      propertyPath: goodConnections.Array.size
      value: 1
      objectReference: {fileID: 0}
    - target: {fileID: 3538357227933473302, guid: 60db3b7fb67af0a4a98cd72d415f59a8, type: 3}
      propertyPath: goodConnections.Array.data[0]
      value: 3
      objectReference: {fileID: 0}
    m_RemovedComponents: []
  m_SourcePrefab: {fileID: 100100000, guid: 60db3b7fb67af0a4a98cd72d415f59a8, type: 3}
--- !u!4 &1456909486 stripped
Transform:
  m_CorrespondingSourceObject: {fileID: 933712443707191390, guid: 60db3b7fb67af0a4a98cd72d415f59a8, type: 3}
  m_PrefabInstance: {fileID: 788399493}
  m_PrefabAsset: {fileID: 0}
--- !u!1001 &1695353811
PrefabInstance:
  m_ObjectHideFlags: 0
  serializedVersion: 2
  m_Modification:
    m_TransformParent: {fileID: 0}
    m_Modifications:
    - target: {fileID: 8033484879412889339, guid: 3327cdef743c47044ac88262dbb913b0, type: 3}
      propertyPath: m_RootOrder
      value: 10
      objectReference: {fileID: 0}
    - target: {fileID: 8033484879412889339, guid: 3327cdef743c47044ac88262dbb913b0, type: 3}
      propertyPath: m_LocalPosition.x
      value: 0
      objectReference: {fileID: 0}
    - target: {fileID: 8033484879412889339, guid: 3327cdef743c47044ac88262dbb913b0, type: 3}
      propertyPath: m_LocalPosition.y
      value: 0
      objectReference: {fileID: 0}
    - target: {fileID: 8033484879412889339, guid: 3327cdef743c47044ac88262dbb913b0, type: 3}
      propertyPath: m_LocalPosition.z
      value: 0
      objectReference: {fileID: 0}
    - target: {fileID: 8033484879412889339, guid: 3327cdef743c47044ac88262dbb913b0, type: 3}
      propertyPath: m_LocalRotation.w
      value: 1
      objectReference: {fileID: 0}
    - target: {fileID: 8033484879412889339, guid: 3327cdef743c47044ac88262dbb913b0, type: 3}
      propertyPath: m_LocalRotation.x
      value: 0
      objectReference: {fileID: 0}
    - target: {fileID: 8033484879412889339, guid: 3327cdef743c47044ac88262dbb913b0, type: 3}
      propertyPath: m_LocalRotation.y
      value: 0
      objectReference: {fileID: 0}
    - target: {fileID: 8033484879412889339, guid: 3327cdef743c47044ac88262dbb913b0, type: 3}
      propertyPath: m_LocalRotation.z
      value: 0
      objectReference: {fileID: 0}
    - target: {fileID: 8033484879412889339, guid: 3327cdef743c47044ac88262dbb913b0, type: 3}
      propertyPath: m_LocalEulerAnglesHint.x
      value: 0
      objectReference: {fileID: 0}
    - target: {fileID: 8033484879412889339, guid: 3327cdef743c47044ac88262dbb913b0, type: 3}
      propertyPath: m_LocalEulerAnglesHint.y
      value: 0
      objectReference: {fileID: 0}
    - target: {fileID: 8033484879412889339, guid: 3327cdef743c47044ac88262dbb913b0, type: 3}
      propertyPath: m_LocalEulerAnglesHint.z
      value: 0
      objectReference: {fileID: 0}
    - target: {fileID: 8033484879412889341, guid: 3327cdef743c47044ac88262dbb913b0, type: 3}
      propertyPath: m_Name
      value: Music Player
      objectReference: {fileID: 0}
    m_RemovedComponents: []
  m_SourcePrefab: {fileID: 100100000, guid: 3327cdef743c47044ac88262dbb913b0, type: 3}
--- !u!4 &2051611139 stripped
Transform:
  m_CorrespondingSourceObject: {fileID: 933712443707191390, guid: 60db3b7fb67af0a4a98cd72d415f59a8, type: 3}
  m_PrefabInstance: {fileID: 1286001578}
  m_PrefabAsset: {fileID: 0}
--- !u!1001 &933712444751318865
PrefabInstance:
  m_ObjectHideFlags: 0
  serializedVersion: 2
  m_Modification:
    m_TransformParent: {fileID: 148825872}
    m_Modifications:
    - target: {fileID: 933712443707191386, guid: 60db3b7fb67af0a4a98cd72d415f59a8, type: 3}
      propertyPath: m_Name
      value: Star
      objectReference: {fileID: 0}
    - target: {fileID: 933712443707191390, guid: 60db3b7fb67af0a4a98cd72d415f59a8, type: 3}
      propertyPath: m_RootOrder
      value: 0
      objectReference: {fileID: 0}
    - target: {fileID: 933712443707191390, guid: 60db3b7fb67af0a4a98cd72d415f59a8, type: 3}
      propertyPath: m_LocalPosition.x
      value: 8.62
      objectReference: {fileID: 0}
    - target: {fileID: 933712443707191390, guid: 60db3b7fb67af0a4a98cd72d415f59a8, type: 3}
      propertyPath: m_LocalPosition.y
      value: -4.02
      objectReference: {fileID: 0}
    - target: {fileID: 933712443707191390, guid: 60db3b7fb67af0a4a98cd72d415f59a8, type: 3}
      propertyPath: m_LocalPosition.z
      value: 0.082680956
      objectReference: {fileID: 0}
    - target: {fileID: 933712443707191390, guid: 60db3b7fb67af0a4a98cd72d415f59a8, type: 3}
      propertyPath: m_LocalRotation.w
      value: 1
      objectReference: {fileID: 0}
    - target: {fileID: 933712443707191390, guid: 60db3b7fb67af0a4a98cd72d415f59a8, type: 3}
      propertyPath: m_LocalRotation.x
      value: -0
      objectReference: {fileID: 0}
    - target: {fileID: 933712443707191390, guid: 60db3b7fb67af0a4a98cd72d415f59a8, type: 3}
      propertyPath: m_LocalRotation.y
      value: -0
      objectReference: {fileID: 0}
    - target: {fileID: 933712443707191390, guid: 60db3b7fb67af0a4a98cd72d415f59a8, type: 3}
      propertyPath: m_LocalRotation.z
      value: -0
      objectReference: {fileID: 0}
    - target: {fileID: 933712443707191390, guid: 60db3b7fb67af0a4a98cd72d415f59a8, type: 3}
      propertyPath: m_LocalEulerAnglesHint.x
      value: 0
      objectReference: {fileID: 0}
    - target: {fileID: 933712443707191390, guid: 60db3b7fb67af0a4a98cd72d415f59a8, type: 3}
      propertyPath: m_LocalEulerAnglesHint.y
      value: 0
      objectReference: {fileID: 0}
    - target: {fileID: 933712443707191390, guid: 60db3b7fb67af0a4a98cd72d415f59a8, type: 3}
      propertyPath: m_LocalEulerAnglesHint.z
      value: 0
      objectReference: {fileID: 0}
    - target: {fileID: 3538357227933473302, guid: 60db3b7fb67af0a4a98cd72d415f59a8, type: 3}
      propertyPath: index
      value: 0
      objectReference: {fileID: 0}
    - target: {fileID: 3538357227933473302, guid: 60db3b7fb67af0a4a98cd72d415f59a8, type: 3}
      propertyPath: goodConnections.Array.size
      value: 2
      objectReference: {fileID: 0}
    - target: {fileID: 3538357227933473302, guid: 60db3b7fb67af0a4a98cd72d415f59a8, type: 3}
      propertyPath: goodConnections.Array.data[0]
      value: 1
      objectReference: {fileID: 0}
    - target: {fileID: 3538357227933473302, guid: 60db3b7fb67af0a4a98cd72d415f59a8, type: 3}
      propertyPath: goodConnections.Array.data[1]
      value: 3
      objectReference: {fileID: 0}
    m_RemovedComponents: []
  m_SourcePrefab: {fileID: 100100000, guid: 60db3b7fb67af0a4a98cd72d415f59a8, type: 3}
--- !u!1001 &2358171434168260333
PrefabInstance:
  m_ObjectHideFlags: 0
  serializedVersion: 2
  m_Modification:
    m_TransformParent: {fileID: 0}
    m_Modifications:
    - target: {fileID: 2358171433770610294, guid: 4fd83494fb935b9468cd1b7b89f845f2, type: 3}
      propertyPath: m_Pivot.x
      value: 0
      objectReference: {fileID: 0}
    - target: {fileID: 2358171433770610294, guid: 4fd83494fb935b9468cd1b7b89f845f2, type: 3}
      propertyPath: m_Pivot.y
      value: 0
      objectReference: {fileID: 0}
    - target: {fileID: 2358171433770610294, guid: 4fd83494fb935b9468cd1b7b89f845f2, type: 3}
      propertyPath: m_RootOrder
      value: 2
      objectReference: {fileID: 0}
    - target: {fileID: 2358171433770610294, guid: 4fd83494fb935b9468cd1b7b89f845f2, type: 3}
      propertyPath: m_AnchorMax.x
      value: 0
      objectReference: {fileID: 0}
    - target: {fileID: 2358171433770610294, guid: 4fd83494fb935b9468cd1b7b89f845f2, type: 3}
      propertyPath: m_AnchorMax.y
      value: 0
      objectReference: {fileID: 0}
    - target: {fileID: 2358171433770610294, guid: 4fd83494fb935b9468cd1b7b89f845f2, type: 3}
      propertyPath: m_AnchorMin.x
      value: 0
      objectReference: {fileID: 0}
    - target: {fileID: 2358171433770610294, guid: 4fd83494fb935b9468cd1b7b89f845f2, type: 3}
      propertyPath: m_AnchorMin.y
      value: 0
      objectReference: {fileID: 0}
    - target: {fileID: 2358171433770610294, guid: 4fd83494fb935b9468cd1b7b89f845f2, type: 3}
      propertyPath: m_SizeDelta.x
      value: 0
      objectReference: {fileID: 0}
    - target: {fileID: 2358171433770610294, guid: 4fd83494fb935b9468cd1b7b89f845f2, type: 3}
      propertyPath: m_SizeDelta.y
      value: 0
      objectReference: {fileID: 0}
    - target: {fileID: 2358171433770610294, guid: 4fd83494fb935b9468cd1b7b89f845f2, type: 3}
      propertyPath: m_LocalPosition.x
      value: 0
      objectReference: {fileID: 0}
    - target: {fileID: 2358171433770610294, guid: 4fd83494fb935b9468cd1b7b89f845f2, type: 3}
      propertyPath: m_LocalPosition.y
      value: 0
      objectReference: {fileID: 0}
    - target: {fileID: 2358171433770610294, guid: 4fd83494fb935b9468cd1b7b89f845f2, type: 3}
      propertyPath: m_LocalPosition.z
      value: 0
      objectReference: {fileID: 0}
    - target: {fileID: 2358171433770610294, guid: 4fd83494fb935b9468cd1b7b89f845f2, type: 3}
      propertyPath: m_LocalRotation.w
      value: 1
      objectReference: {fileID: 0}
    - target: {fileID: 2358171433770610294, guid: 4fd83494fb935b9468cd1b7b89f845f2, type: 3}
      propertyPath: m_LocalRotation.x
      value: 0
      objectReference: {fileID: 0}
    - target: {fileID: 2358171433770610294, guid: 4fd83494fb935b9468cd1b7b89f845f2, type: 3}
      propertyPath: m_LocalRotation.y
      value: 0
      objectReference: {fileID: 0}
    - target: {fileID: 2358171433770610294, guid: 4fd83494fb935b9468cd1b7b89f845f2, type: 3}
      propertyPath: m_LocalRotation.z
      value: 0
      objectReference: {fileID: 0}
    - target: {fileID: 2358171433770610294, guid: 4fd83494fb935b9468cd1b7b89f845f2, type: 3}
      propertyPath: m_AnchoredPosition.x
      value: 0
      objectReference: {fileID: 0}
    - target: {fileID: 2358171433770610294, guid: 4fd83494fb935b9468cd1b7b89f845f2, type: 3}
      propertyPath: m_AnchoredPosition.y
      value: 0
      objectReference: {fileID: 0}
    - target: {fileID: 2358171433770610294, guid: 4fd83494fb935b9468cd1b7b89f845f2, type: 3}
      propertyPath: m_LocalEulerAnglesHint.x
      value: 0
      objectReference: {fileID: 0}
    - target: {fileID: 2358171433770610294, guid: 4fd83494fb935b9468cd1b7b89f845f2, type: 3}
      propertyPath: m_LocalEulerAnglesHint.y
      value: 0
      objectReference: {fileID: 0}
    - target: {fileID: 2358171433770610294, guid: 4fd83494fb935b9468cd1b7b89f845f2, type: 3}
      propertyPath: m_LocalEulerAnglesHint.z
      value: 0
      objectReference: {fileID: 0}
    - target: {fileID: 2358171433770610295, guid: 4fd83494fb935b9468cd1b7b89f845f2, type: 3}
      propertyPath: m_AdditionalShaderChannelsFlag
      value: 25
      objectReference: {fileID: 0}
    - target: {fileID: 2358171433770610298, guid: 4fd83494fb935b9468cd1b7b89f845f2, type: 3}
      propertyPath: m_Name
      value: Canvas
      objectReference: {fileID: 0}
    - target: {fileID: 4174593546888780815, guid: 4fd83494fb935b9468cd1b7b89f845f2, type: 3}
      propertyPath: m_Pivot.y
      value: 0
      objectReference: {fileID: 0}
    - target: {fileID: 4174593546888780815, guid: 4fd83494fb935b9468cd1b7b89f845f2, type: 3}
      propertyPath: m_AnchorMax.y
      value: 0
      objectReference: {fileID: 0}
    - target: {fileID: 4174593546888780815, guid: 4fd83494fb935b9468cd1b7b89f845f2, type: 3}
      propertyPath: m_AnchorMin.y
      value: 0
      objectReference: {fileID: 0}
    - target: {fileID: 4174593546888780815, guid: 4fd83494fb935b9468cd1b7b89f845f2, type: 3}
      propertyPath: m_AnchoredPosition.y
      value: 540
      objectReference: {fileID: 0}
    m_RemovedComponents: []
  m_SourcePrefab: {fileID: 100100000, guid: 4fd83494fb935b9468cd1b7b89f845f2, type: 3}
--- !u!1001 &4225251270697266030
PrefabInstance:
  m_ObjectHideFlags: 0
  serializedVersion: 2
  m_Modification:
    m_TransformParent: {fileID: 0}
    m_Modifications:
    - target: {fileID: 4225251269038963887, guid: f0e22977e965ee6479470607319e130c, type: 3}
      propertyPath: m_RootOrder
      value: 6
      objectReference: {fileID: 0}
    - target: {fileID: 4225251269038963887, guid: f0e22977e965ee6479470607319e130c, type: 3}
      propertyPath: m_LocalPosition.x
      value: -12.69
      objectReference: {fileID: 0}
    - target: {fileID: 4225251269038963887, guid: f0e22977e965ee6479470607319e130c, type: 3}
      propertyPath: m_LocalPosition.y
      value: -0.61
      objectReference: {fileID: 0}
    - target: {fileID: 4225251269038963887, guid: f0e22977e965ee6479470607319e130c, type: 3}
      propertyPath: m_LocalPosition.z
      value: 0
      objectReference: {fileID: 0}
    - target: {fileID: 4225251269038963887, guid: f0e22977e965ee6479470607319e130c, type: 3}
      propertyPath: m_LocalRotation.w
      value: 1
      objectReference: {fileID: 0}
    - target: {fileID: 4225251269038963887, guid: f0e22977e965ee6479470607319e130c, type: 3}
      propertyPath: m_LocalRotation.x
      value: 0
      objectReference: {fileID: 0}
    - target: {fileID: 4225251269038963887, guid: f0e22977e965ee6479470607319e130c, type: 3}
      propertyPath: m_LocalRotation.y
      value: 0
      objectReference: {fileID: 0}
    - target: {fileID: 4225251269038963887, guid: f0e22977e965ee6479470607319e130c, type: 3}
      propertyPath: m_LocalRotation.z
      value: 0
      objectReference: {fileID: 0}
    - target: {fileID: 4225251269038963887, guid: f0e22977e965ee6479470607319e130c, type: 3}
      propertyPath: m_LocalEulerAnglesHint.x
      value: 0
      objectReference: {fileID: 0}
    - target: {fileID: 4225251269038963887, guid: f0e22977e965ee6479470607319e130c, type: 3}
      propertyPath: m_LocalEulerAnglesHint.y
      value: 0
      objectReference: {fileID: 0}
    - target: {fileID: 4225251269038963887, guid: f0e22977e965ee6479470607319e130c, type: 3}
      propertyPath: m_LocalEulerAnglesHint.z
      value: 0
      objectReference: {fileID: 0}
    - target: {fileID: 4225251269038963920, guid: f0e22977e965ee6479470607319e130c, type: 3}
      propertyPath: m_Name
      value: Obstacle
      objectReference: {fileID: 0}
    m_RemovedComponents: []
  m_SourcePrefab: {fileID: 100100000, guid: f0e22977e965ee6479470607319e130c, type: 3}
--- !u!1001 &5824669596405953274
PrefabInstance:
  m_ObjectHideFlags: 0
  serializedVersion: 2
  m_Modification:
    m_TransformParent: {fileID: 0}
    m_Modifications:
    - target: {fileID: 5824669597140709980, guid: 58094b349bcad7747996d14e1bbcd0c7, type: 3}
      propertyPath: m_RootOrder
      value: 4
      objectReference: {fileID: 0}
    - target: {fileID: 5824669597140709980, guid: 58094b349bcad7747996d14e1bbcd0c7, type: 3}
      propertyPath: m_LocalPosition.x
      value: 0
      objectReference: {fileID: 0}
    - target: {fileID: 5824669597140709980, guid: 58094b349bcad7747996d14e1bbcd0c7, type: 3}
      propertyPath: m_LocalPosition.y
      value: -8.39
      objectReference: {fileID: 0}
    - target: {fileID: 5824669597140709980, guid: 58094b349bcad7747996d14e1bbcd0c7, type: 3}
      propertyPath: m_LocalPosition.z
      value: 0
      objectReference: {fileID: 0}
    - target: {fileID: 5824669597140709980, guid: 58094b349bcad7747996d14e1bbcd0c7, type: 3}
      propertyPath: m_LocalRotation.w
      value: 1
      objectReference: {fileID: 0}
    - target: {fileID: 5824669597140709980, guid: 58094b349bcad7747996d14e1bbcd0c7, type: 3}
      propertyPath: m_LocalRotation.x
      value: 0
      objectReference: {fileID: 0}
    - target: {fileID: 5824669597140709980, guid: 58094b349bcad7747996d14e1bbcd0c7, type: 3}
      propertyPath: m_LocalRotation.y
      value: 0
      objectReference: {fileID: 0}
    - target: {fileID: 5824669597140709980, guid: 58094b349bcad7747996d14e1bbcd0c7, type: 3}
      propertyPath: m_LocalRotation.z
      value: 0
      objectReference: {fileID: 0}
    - target: {fileID: 5824669597140709980, guid: 58094b349bcad7747996d14e1bbcd0c7, type: 3}
      propertyPath: m_LocalEulerAnglesHint.x
      value: 0
      objectReference: {fileID: 0}
    - target: {fileID: 5824669597140709980, guid: 58094b349bcad7747996d14e1bbcd0c7, type: 3}
      propertyPath: m_LocalEulerAnglesHint.y
      value: 0
      objectReference: {fileID: 0}
    - target: {fileID: 5824669597140709980, guid: 58094b349bcad7747996d14e1bbcd0c7, type: 3}
      propertyPath: m_LocalEulerAnglesHint.z
      value: 0
      objectReference: {fileID: 0}
    - target: {fileID: 5824669597140709982, guid: 58094b349bcad7747996d14e1bbcd0c7, type: 3}
      propertyPath: m_Name
      value: Base
      objectReference: {fileID: 0}
    m_RemovedComponents: []
  m_SourcePrefab: {fileID: 100100000, guid: 58094b349bcad7747996d14e1bbcd0c7, type: 3}
--- !u!1001 &6936003814422592239
PrefabInstance:
  m_ObjectHideFlags: 0
  serializedVersion: 2
  m_Modification:
    m_TransformParent: {fileID: 0}
    m_Modifications:
    - target: {fileID: 6936003813522427835, guid: e82e5e629ea16684481e726faa2ba297, type: 3}
      propertyPath: m_RootOrder
      value: 0
      objectReference: {fileID: 0}
    - target: {fileID: 6936003813522427835, guid: e82e5e629ea16684481e726faa2ba297, type: 3}
      propertyPath: m_LocalPosition.x
      value: 0
      objectReference: {fileID: 0}
    - target: {fileID: 6936003813522427835, guid: e82e5e629ea16684481e726faa2ba297, type: 3}
      propertyPath: m_LocalPosition.y
      value: 0
      objectReference: {fileID: 0}
    - target: {fileID: 6936003813522427835, guid: e82e5e629ea16684481e726faa2ba297, type: 3}
      propertyPath: m_LocalPosition.z
      value: 0
      objectReference: {fileID: 0}
    - target: {fileID: 6936003813522427835, guid: e82e5e629ea16684481e726faa2ba297, type: 3}
      propertyPath: m_LocalRotation.w
      value: 1
      objectReference: {fileID: 0}
    - target: {fileID: 6936003813522427835, guid: e82e5e629ea16684481e726faa2ba297, type: 3}
      propertyPath: m_LocalRotation.x
      value: 0
      objectReference: {fileID: 0}
    - target: {fileID: 6936003813522427835, guid: e82e5e629ea16684481e726faa2ba297, type: 3}
      propertyPath: m_LocalRotation.y
      value: 0
      objectReference: {fileID: 0}
    - target: {fileID: 6936003813522427835, guid: e82e5e629ea16684481e726faa2ba297, type: 3}
      propertyPath: m_LocalRotation.z
      value: 0
      objectReference: {fileID: 0}
    - target: {fileID: 6936003813522427835, guid: e82e5e629ea16684481e726faa2ba297, type: 3}
      propertyPath: m_LocalEulerAnglesHint.x
      value: 0
      objectReference: {fileID: 0}
    - target: {fileID: 6936003813522427835, guid: e82e5e629ea16684481e726faa2ba297, type: 3}
      propertyPath: m_LocalEulerAnglesHint.y
      value: 0
      objectReference: {fileID: 0}
    - target: {fileID: 6936003813522427835, guid: e82e5e629ea16684481e726faa2ba297, type: 3}
      propertyPath: m_LocalEulerAnglesHint.z
      value: 0
      objectReference: {fileID: 0}
    - target: {fileID: 6936003813522427836, guid: e82e5e629ea16684481e726faa2ba297, type: 3}
      propertyPath: OnLevelLost.m_PersistentCalls.m_Calls.Array.data[0].m_Target
      value: 
      objectReference: {fileID: 407664796}
    - target: {fileID: 6936003813522427836, guid: e82e5e629ea16684481e726faa2ba297, type: 3}
      propertyPath: OnLevelLost.m_PersistentCalls.m_Calls.Array.data[1].m_Target
      value: 
      objectReference: {fileID: 725097824}
    - target: {fileID: 6936003813522427836, guid: e82e5e629ea16684481e726faa2ba297, type: 3}
      propertyPath: OnLevelComplete.m_PersistentCalls.m_Calls.Array.data[0].m_Target
      value: 
      objectReference: {fileID: 407664796}
    - target: {fileID: 6936003813522427836, guid: e82e5e629ea16684481e726faa2ba297, type: 3}
      propertyPath: OnLevelComplete.m_PersistentCalls.m_Calls.Array.data[1].m_Target
      value: 
      objectReference: {fileID: 725097824}
    - target: {fileID: 6936003813522427837, guid: e82e5e629ea16684481e726faa2ba297, type: 3}
      propertyPath: m_Name
      value: Game Manager
      objectReference: {fileID: 0}
    m_RemovedComponents: []
  m_SourcePrefab: {fileID: 100100000, guid: e82e5e629ea16684481e726faa2ba297, type: 3}
--- !u!1001 &7922222798749052286
PrefabInstance:
  m_ObjectHideFlags: 0
  serializedVersion: 2
  m_Modification:
    m_TransformParent: {fileID: 0}
    m_Modifications:
    - target: {fileID: 7922222798284923206, guid: 26ce1bd6203406c4c8b3e70c4be10324, type: 3}
      propertyPath: maxMoons
      value: 10
      objectReference: {fileID: 0}
    - target: {fileID: 7922222798284923206, guid: 26ce1bd6203406c4c8b3e70c4be10324, type: 3}
      propertyPath: OnLoadNewMoon.m_PersistentCalls.m_Calls.Array.size
      value: 1
      objectReference: {fileID: 0}
    - target: {fileID: 7922222798284923206, guid: 26ce1bd6203406c4c8b3e70c4be10324, type: 3}
      propertyPath: OnLoadNewMoon.m_PersistentCalls.m_Calls.Array.data[0].m_Mode
      value: 0
      objectReference: {fileID: 0}
    - target: {fileID: 7922222798284923206, guid: 26ce1bd6203406c4c8b3e70c4be10324, type: 3}
      propertyPath: OnLoadNewMoon.m_PersistentCalls.m_Calls.Array.data[0].m_Target
      value: 
      objectReference: {fileID: 407664796}
    - target: {fileID: 7922222798284923206, guid: 26ce1bd6203406c4c8b3e70c4be10324, type: 3}
      propertyPath: OnLoadNewMoon.m_PersistentCalls.m_Calls.Array.data[0].m_CallState
      value: 2
      objectReference: {fileID: 0}
    - target: {fileID: 7922222798284923206, guid: 26ce1bd6203406c4c8b3e70c4be10324, type: 3}
      propertyPath: OnLoadNewMoon.m_PersistentCalls.m_Calls.Array.data[0].m_MethodName
      value: UpdateShotsCounter
      objectReference: {fileID: 0}
    - target: {fileID: 7922222798284923206, guid: 26ce1bd6203406c4c8b3e70c4be10324, type: 3}
      propertyPath: OnLoadNewMoon.m_PersistentCalls.m_Calls.Array.data[0].m_TargetAssemblyTypeName
      value: InGameUI, Assembly-CSharp
      objectReference: {fileID: 0}
    - target: {fileID: 7922222798284923206, guid: 26ce1bd6203406c4c8b3e70c4be10324, type: 3}
      propertyPath: OnLoadNewMoon.m_PersistentCalls.m_Calls.Array.data[0].m_Arguments.m_ObjectArgumentAssemblyTypeName
      value: UnityEngine.Object, UnityEngine
      objectReference: {fileID: 0}
    - target: {fileID: 7922222798284923207, guid: 26ce1bd6203406c4c8b3e70c4be10324, type: 3}
      propertyPath: m_RootOrder
      value: 3
      objectReference: {fileID: 0}
    - target: {fileID: 7922222798284923207, guid: 26ce1bd6203406c4c8b3e70c4be10324, type: 3}
      propertyPath: m_LocalPosition.x
      value: 0
      objectReference: {fileID: 0}
    - target: {fileID: 7922222798284923207, guid: 26ce1bd6203406c4c8b3e70c4be10324, type: 3}
      propertyPath: m_LocalPosition.y
      value: -8.39
      objectReference: {fileID: 0}
    - target: {fileID: 7922222798284923207, guid: 26ce1bd6203406c4c8b3e70c4be10324, type: 3}
      propertyPath: m_LocalPosition.z
      value: 0
      objectReference: {fileID: 0}
    - target: {fileID: 7922222798284923207, guid: 26ce1bd6203406c4c8b3e70c4be10324, type: 3}
      propertyPath: m_LocalRotation.w
      value: 1
      objectReference: {fileID: 0}
    - target: {fileID: 7922222798284923207, guid: 26ce1bd6203406c4c8b3e70c4be10324, type: 3}
      propertyPath: m_LocalRotation.x
      value: -0
      objectReference: {fileID: 0}
    - target: {fileID: 7922222798284923207, guid: 26ce1bd6203406c4c8b3e70c4be10324, type: 3}
      propertyPath: m_LocalRotation.y
      value: -0
      objectReference: {fileID: 0}
    - target: {fileID: 7922222798284923207, guid: 26ce1bd6203406c4c8b3e70c4be10324, type: 3}
      propertyPath: m_LocalRotation.z
      value: -0
      objectReference: {fileID: 0}
    - target: {fileID: 7922222798284923207, guid: 26ce1bd6203406c4c8b3e70c4be10324, type: 3}
      propertyPath: m_LocalEulerAnglesHint.x
      value: 0
      objectReference: {fileID: 0}
    - target: {fileID: 7922222798284923207, guid: 26ce1bd6203406c4c8b3e70c4be10324, type: 3}
      propertyPath: m_LocalEulerAnglesHint.y
      value: 0
      objectReference: {fileID: 0}
    - target: {fileID: 7922222798284923207, guid: 26ce1bd6203406c4c8b3e70c4be10324, type: 3}
      propertyPath: m_LocalEulerAnglesHint.z
      value: 0
      objectReference: {fileID: 0}
    - target: {fileID: 7922222798284923209, guid: 26ce1bd6203406c4c8b3e70c4be10324, type: 3}
      propertyPath: m_Name
      value: MoonPool
      objectReference: {fileID: 0}
    m_RemovedComponents: []
  m_SourcePrefab: {fileID: 100100000, guid: 26ce1bd6203406c4c8b3e70c4be10324, type: 3}
